%list of references for the Ex Quant Paper
@article{chernozhukov2005extremal,
  title={Extremal quantile regression},
  author={Chernozhukov, Victor},
  journal={Annals of Statistics},
  pages={806--839},
  year={2005},
  publisher={JSTOR}
}

@article{koenker1978regression,
  title={Regression quantiles},
  author={Koenker, Roger and Bassett Jr, Gilbert},
  journal={Econometrica: journal of the Econometric Society},
  pages={33--50},
  year={1978},
  publisher={JSTOR}
}

@book{kotz2000extreme,
  title={Extreme value distributions: theory and applications},
  author={Kotz, Samuel and Nadarajah, Saralees},
  year={2000},
  publisher={World Scientific}
}

@article{murphy1991probabilities,
  title={Probabilities, odds, and forecasts of rare events},
  author={Murphy, Allan H},
  journal={Weather and forecasting},
  volume={6},
  number={2},
  pages={302--307},
  year={1991}
}

@misc{toth2003probability,
  title={Probability and ensemble forecasts},
  author={Toth, Zoltan and Talagrand, Olivier and Candille, Guillem and Zhu, Yuejian},
  journal={Forecast Verification: A Practitionerâ€™s Guide in Atmospheric Science},
  pages={137--163},
  year={2003},
  publisher={John Wiley and Sons}
}

@article{vitullo2009mathematical,
  title={Mathematical models for natural gas forecasting},
  author={Vitullo, Steven and Brown, Ronald H and Corliss, George F and Marx, Brian M},
  journal={Canadian applied mathematics quarterly},
  year={2009},
  publisher={University of Alberta, Applied Mathematics Institute, Department of Mathematical and Statistical Sciences}
}

@article{wang2012estimation,
  title={Estimation of high conditional quantiles for heavy-tailed distributions},
  author={Wang, Huixia Judy and Li, Deyuan and He, Xuming},
  journal={Journal of the American Statistical Association},
  volume={107},
  number={500},
  pages={1453--1464},
  year={2012},
  publisher={Taylor \& Francis Group}
}